%% This BibTeX bibliography file was created using BibDesk.
%% http://bibdesk.sourceforge.net/

%% Saved with string encoding Unicode (UTF-8) 

@Book{Raghavan,
 title = {An Investigation into the Detection and Mitigation of Denial of Service (DoS) Attacks},
 publisher = {Springer},
 year = {2011},
 ALTauthor = {S. V. Raghavan, E. Dawson},
 ALTeditor = {S.V. Raghavan, E. Dawson},
 OPTkey = {},
 OPTvolume = {},
 OPTnumber = {},
 OPTseries = {},
 OPTaddress = {},
 OPTedition = {},
 OPTmonth = {},
 OPTnote = {},
 OPTannote = {},
 OPTurl = {},
 OPTurldate = {},
 OPTlastchecked = {},
 OPTdoi = {},
 OPTisbn = {9788132202769},
 OPTissn = {},
 OPTlocalfile = {},
 OPTabstract = {},
 OPTkeywords = {},
}

@article{kakaspersky_2H2011_DDoS_analisis,
  Author = {Kaspersky labs},
  Url = {http://www.kaspersky.com/about/news/virus/2012/Number_of_the_week_57_hike_in_the_power_of_DDoS_attacks},
  Title = {Number of the week: 57\% hike in the power of DDoS attacks},
  Month = {Feb},
  Year = {2012},
}

@article{Google+_DDoS_attack,
  Author = {Mohit Kumar},
  Url = {http://thehackernews.com/2011/08/ddos-attack-using-google-plus-servers.html},
  Title = {DDoS Attack Using Google Plus Servers},
  Month = {Aug},
  Year = {2011},
}

@article{Amazon_DDoS_attack,
  Author = {Cade Metz},
  Url = {http://www.theregisterco.uk/2009/10/05/amazon_bitbucket_outage},
  Title = {DDoS attack rains down on Amazon cloud},
  Month = {Oct},
  Year = {2009},
}

@article{spamhaus_DDoS_attack,
  Author = {Peter Bright},
  Url = {http://arstechnica.com/security/2013/03/spamhaus-ddos-grows-to-internet-threatening-size/},
  Title = {Spamhaus DDoS grows to Internet-threatening size},
  Month = {Mar},
  Year = {2013},
}

@article{FBI_DDoS_attack,
  Author = {Josh Harkinson},
  Url = {http://www.motherjones.com/mojo/2012/01/inside-anonymous-largest-attack-ever-FBI-megaupload-mega-upload},
  Title = {How and Why Anonymous Took Down the FBI's Website},
  Month = {Jan},
  Year = {2012},
}

@TechReport{ITU-T_DDoS_def,
 author = {International Telecommunication Union},
 title = {Data communication networks: Open system interconnection (OSI); security, structure and 
applications--security architecture for open systems interconnection for CCIT applications. Recommendation X.800},
 institution = {International Telecommunication Union},
 year = {1991},
 OPTkey = {},
 OPTtype = {},
 OPTnumber = {},
 OPTaddress = {},
 OPTmonth = {},
 OPTnote = {},
 OPTannote = {},
 OPTurl = {},
 OPTurldate = {},
 OPTlastchecked = {},
 OPTdoi = {},
 OPTisbn = {},
 OPTissn = {},
 OPTlocalfile = {},
 OPTabstract = {},
 OPTkeywords = {},
}

@TechReport{CCNS_DDoS_def,
 author = {US Committee on National Security Systems},
 title = {National Information Assurance (IA) glossary},
 institution = {CCNS},
 year = {2006},
 OPTkey = {},
 OPTtype = {},
 OPTnumber = {},
 OPTaddress = {},
 OPTmonth = {},
 OPTnote = {},
 OPTannote = {},
 OPTurl = {},
 OPTurldate = {},
 OPTlastchecked = {},
 OPTdoi = {},
 OPTisbn = {},
 OPTissn = {},
 OPTlocalfile = {},
 OPTabstract = {},
 OPTkeywords = {},
}

@article{F5_attack,
  Author = {UNIONTOWN},
  Url = {http://www.motherjones.com/mojo/2012/01/inside-anonymous-largest-attack-ever-FBI-megaupload-mega-upload},
  Title = {Student accused of trying to crash school's computer system},
  Year = {2006},
}

%% Ejemplos

%@webpage{koma,
	Author = {Markus Kohm},
	Date-Added = {2012-07-24 15:53:27 +0000},
	Date-Modified = {2012-07-24 15:56:46 +0000},
	Month = {May},
	Title = {A bundle of versatile classes and packages},
		Author = {Markus Kohm},
	Date-Added = {2012-07-24 15:53:27 +0000},
	Date-Modified = {2012-07-24 15:56:46 +0000},
	Month = {May},
	Title = {A bundle of versatile classes and packages},
	Url = {http://www.ctan.org/pkg/koma-script/},
	Urldate = {http://www.ctan.org/pkg/koma-script/},
	Year = {2012}}
	Urldate = {http://www.ctan.org/pkg/koma-script/},
	Year = {2012},
}

@Proceedings{sherwood,
 title = {Misbehaving TCP receivers can cause internet-wide congestion collapse},
 year = {2005},
 OPT = {},
 OPTkey = {},
 OPTeditor = {},
 OPTvolume = {Proceedings of the 12th ACM Conference on Computer and Communication Security},
 OPTnumber = {12},
 OPTseries = {383-392},
 OPTaddress = {},
 OPTmonth = {},
 OPTorganization = {},
 OPTpublisher = {},
 OPTnote = {},
 OPTannote = {},
 OPTurl = {},
 OPTurldate = {},
 OPTlastchecked = {},
 OPTdoi = {},
 OPTisbn = {},
 OPTissn = {},
 OPTlocalfile = {},
 OPTabstract = {},
 OPTkeywords = {},
}

@article{low_rate_tcp_dos,
  Author = {Johnny Tsao, Petros Efstathopoulos},
  Title = {Low-rate TCP-targeted Denial of Service Attack Defense}
}

@electronic{snort,
	Author = {Sourcefire},
	Organization = {Sourcefire},
	Title = {snort.org, \url{https://www.snort.org}},
}

@electronic{suricata,
	Author = {OISF},
	Organization = {OISF},
	Title = {Suricata, \url{http://suricata-ids.org}},
}

@book{gratzer,
	Author = {George Gr{\"a}tzer},
	Date-Added = {2012-07-24 15:49:23 +0000},
	Date-Modified = {2012-07-24 15:52:28 +0000},
	Edition = {4},
	Publisher = {Springer},
	Title = {More Math Into LaTeX},
	Year = {2007},
}

@electronic{moser,
	Author = {Stefan M. Moser},
	Date-Added = {2012-03-09 11:01:27 +0000},
	Date-Modified = {2012-07-24 15:48:49 +0000},
	Month = {February},
	Organization = {Institute of Communication Engineering},
	Title = {How to Typeset Equations in LaTeX},
	Url = {http://moser.cm.nctu.edu.tw/manuals.html#eqlatex},
	Urldate = {http://moser.cm.nctu.edu.tw/manuals.html#eqlatex},
	Year = {2012},
}